@article{heuristic_algorithm_evaluation,
author = {Graham, R. L.},
title = {Bounds on Multiprocessing Timing Anomalies},
journal = {SIAM Journal on Applied Mathematics},
volume = {17},
number = {2},
pages = {416-429},
year = {1969},
doi = {10.1137/0117039},
URL = { 
        https://doi.org/10.1137/0117039
},
eprint = { 
        https://doi.org/10.1137/0117039
}
}

@article{subsetsum_np_complete,
author = {Rahul R. Huilgol and Simrat Singh Chhabra and Shubham Luhadia},
title = {NP-Completeness of Subset-Sum problem},
year = {2013},
URL = { 
    https://www.iitg.ac.in/deepkesh/CS301/assignment-2/subsetsum.pdf
}
}